<record><leader>00000cas a22000007a 4500</leader><controlfield tag="001">17730315</controlfield><controlfield tag="008">880404d19551956lauwr ne      0    0eng d</controlfield><datafield ind1=" " ind2=" " tag="010"><subfield code="a">sn 88064300 </subfield></datafield><datafield ind1=" " ind2=" " tag="040"><subfield code="a">LNP</subfield><subfield code="b">eng</subfield><subfield code="c">LNP</subfield><subfield code="d">OCLCQ</subfield></datafield><datafield ind1=" " ind2=" " tag="042"><subfield code="a">msc</subfield></datafield><datafield ind1="0" ind2="4" tag="245"><subfield code="a">The Patriot of Glenmora.</subfield></datafield><datafield ind1=" " ind2=" " tag="260"><subfield code="a">Glenmora, La. :</subfield><subfield code="b">W.T. "Bill" Skeels</subfield></datafield><datafield ind1=" " ind2=" " tag="310"><subfield code="a">Weekly</subfield></datafield><datafield ind1="0" ind2=" " tag="362"><subfield code="a">Vol. 47, no. 23 (June 23, 1955)-v. 48, no. 49 (Dec. 6, 1956).</subfield></datafield><datafield ind1=" " ind2=" " tag="752"><subfield code="a">United States</subfield><subfield code="b">Louisiana</subfield><subfield code="c">Rapides</subfield><subfield code="d">Glenmora.</subfield></datafield><datafield ind1="0" ind2="0" tag="780"><subfield code="t">Patriot (Glenmora, La. : 1918)</subfield><subfield code="w">(DLC)sn 88064299</subfield></datafield><datafield ind1="0" ind2="0" tag="785"><subfield code="t">Patriot (Glenmora, La. : 1956)</subfield><subfield code="w">(DLC)sn 88064301</subfield></datafield></record>